@article{quality,
  title={Does code quality affect pull request acceptance? An empirical study},
  author={V. {Lenarduzzi} and V. {Nikkola} and N. {Saarim√§ki} and D. {Taibi}},
  journal={Journal of Systems and Software},
  volume={171},
  pages={110806},
  year={2021},
  publisher={Elsevier},
  doi={10.1016/j.jss.2020.110806},
}

@article{pmd,
  title={A longitudinal study of static analysis warning evolution and the effects of PMD on software quality in Apache open source projects},
  author={A. {Trautsch} and S. {Herbold} and J. {Grabowski}},
  journal={Empirical Software Engineering},
  volume={25},
  pages={5137--5192},
  year={2020},
  publisher={Springer},
  DOI={10.1007/s10664-020-09880-1},
}

@inproceedings{shopify,
  title={Studying Pull Request Merges: A Case Study of Shopify's Active Merchant},
  author={O. {Kononenko} and T. {Rose} and O. {Baysal} and M. {Godfrey} and D. {Theisen} and B. {Water}},
  booktitle={International Conference on Software Engineering},
  pages={124--133},
  year={2018},
  publisher={ACM},
  doi={10.1145/3183519.3183542},
}

@inproceedings{integrator,
  author={G. {Gousios} and A. {Zaidman} and M. {Storey} and A. {Deursen}},
  title={Work Practices and Challenges in Pull-Based Development: The Integrator's Perspective},
  booktitle={International Conference on Software Engineering},
  volume={1},
  pages={358--368},
  year={2015},
  publisher={IEEE},
  doi={10.1109/ICSE.2015.55},
}

@inproceedings{exploratory,
  title={An Exploratory Study of the Pull-Based Software Development Model},
  author={G. {Gousios} and M. {Pinzger} and A. {Deursen}},
  booktitle={International Conference on Software Engineering},
  year={2014},
  pages={345--355},
  publisher={ACM},
  doi={10.1145/2568225.2568260},
}

@article{gender,
  title={Gender differences and bias in open source: Pull request acceptance of women versus men},
  author={J. {Josh} and A. {Kofink} and J. {Middleton} and C. {Rainear} and E. {Murphy-Hill} and C. {Parnin} and J. {Stallings}},
  journal={PeerJ Computer Science},
  volume={3},
  year={2017},
  %publisher={PeerJ},
  doi={10.7717/peerj-cs.111},
}

@article{personality,
  title={Effects of Personality Traits on Pull Request Acceptance},
  author={R. {Iyer} and A. {Yun} and M. {Nagappan} and J. {Hoey}},
  journal={Transactions on Software Engineering},
  year={2019},
  publisher={IEEE},
  doi={10.1109/TSE.2019.2960357},
}

@inproceedings{foss,
  author={A. {Alami} and L. {Cohn} and A. {W\k{a}isowski}},
  title={How Do FOSS Communities Decide to Accept Pull Requests?},
  booktitle={Proceedings of the Evaluation and Assessment in Software Engineering},
  pages={220--229},
  year={2020},
  publisher={ACM},
  doi={10.1145/3383219.3383242},
}

@article{style,
  title={How does code style inconsistency affect pull request integration? an exploratory study on 117 github projects},
  author={W. {Zou} and J. {Xuan} and X. {Xie} and Z. {Chen} and B. {Xu}},
  journal={Empirical Software Engineering},
  volume={24},
  pages={3871--3903},
  year={2019},
  publisher={Springer},
  doi={10.1007/s10664-019-09720-x},
}

@article{npm,
  author={T. {Dey} and A. {Mockus}},
  title={Which Pull Requests Get Accepted and Why? A study of popular NPM Packages},
  journal={Computing Research Repository},
  year={2020},
  archivePrefix={arXiv},
  eprint={2003.01153},
}

@article{abandonment,
  author={Z. {Li} and Y. {Yu} and T. {Wang} and Yin, Gang and Li, Shanshan and Wang, Huaimin},
  title={Are You Still Working on This An Empirical Study on Pull Request Abandonment},
  journal={Transactions on Software Engineering},
  pages={1--1},
  year={2021},
  publisher={IEEE},
  doi={10.1109/TSE.2021.3053403}
}

@inproceedings{social,
  author={J. {Tsay} and L. {Dabbish} and J. {Herbsleb}},
  title={Influence of Social and Technical Factors for Evaluating Contribution in GitHub},
  booktitle={International Conference on Software Engineering},
  pages={356--366},
  year={2014},
  publisher={ACM},
  doi={10.1145/2568225.2568315},
}

@inproceedings{developers,
  author={D. {Soares} and M. {De Lima} and L. {Murta} and A. {Plastino}},
  title={Rejection Factors of Pull Requests Filed by Core Team Developers in Software Projects with High Acceptance Rates},
  booktitle={International Conference on Machine Learning and Applications},
  year={2015},
  pages={960--965},
  publisher={IEEE},
  doi={10.1109/ICMLA.2015.41},
}

@article{empirical,
  title={Pull Request Decision Explained: An Empirical Overview},
  author={X. {Zhang} and Y. {Yu} and G. {Gousios} and A. {Rastogi}},
  journal={Computing Research Repository},
  year={2021},
  archivePrefix={arXiv},
  eprint={2105.13970},
}

@inproceedings{prioritization,
  author={I. {Azeem} and Q. {Peng} and Q. {Wang}},
  title={Pull Request Prioritization Algorithm based on Acceptance and Response Probability},
  booktitle={International Conference on Software Quality},
  pages={231--242},
  year={2020},
  publisher={IEEE},
  doi={10.1109/QRS51102.2020.00041},
}

@inproceedings{npm2,
  author={T. Dey and A. {Mockus}},
  title={Effect of Technical and Social Factors on Pull Request Quality for the NPM Ecosystem},
  booktitle={International Symposium on Empirical Software Engineering and Measurement},
  year={2020},
  publisher={ACM},
  doi={10.1145/3382494.3410685},
}

@inproceedings{factors,
  author={D. {Soares} and M. {De Lima} and L. {Murta} and A. {Plastino}},
  title={Acceptance Factors of Pull Requests in Open-Source Projects},
  booktitle={Symposium on Applied Computing},
  pages={1541--1546},
  year={2015},
  publisher={ACM},
  doi={10.1145/2695664.2695856},
}

@inproceedings{replication,
  author={D. {Chen} and K. {Stolee} and T. {Menzies}},
  title={Replication Can Improve Prior Results: A GitHub Study of Pull Request Acceptance},
  booktitle={International Conference on Program Comprehension},
  pages={179--190},
  year={2019},
  publisher={IEEE},
  doi={10.1109/ICPC.2019.00037},
}

@inproceedings{discussion,
  title={On the Effect of Discussions on Pull Request Decisions},
  author={M. {Golzadeh} and A. {Decan} and T. {Mens}},
  booktitle={Belgium-Netherlands Software Evolution Workshop},
  publisher={CEUR Workshop Proceedings},
  year={2019},
  url={http://ceur-ws.org/Vol-2605/16.pdf},
}

@inproceedings{latency,
  title={Wait for It: Determinants of Pull Request Evaluation Latency on GitHub},
  author={Y. {Yu} and H. {Wang} and V. {Filkov} and P. {Devanbu} and B. {Vasilescu}},
  booktitle={Working Conference on Mining Software Repositories},
  pages={367--371},
  year={2015},
  publisher={IEEE},
  doi={10.1109/MSR.2015.42},
}

@book{logreg,
  title={Applied Logistic Regression},
  author={S. {Lemeshow} and R. {Sturdivant} and D. {Hosmer}},
  series={Wiley Series in Probability and Statistics},
  pages={177},
  year={2013},
  publisher={Wiley},
  doi={10.1002/9781118548387},
}

@article{cochran,
  author={W. {Cochran}},
  title={The $\chi^2$ Test of Goodness of Fit},
  journal={The Annals of Mathematical Statistics},
  volume={23},
  pages={315--345},
  year={1952},
  publisher={Institute of Mathematical Statistics},
  doi={10.1214/aoms/1177729380},
}

@inproceedings{ghtorrent,
  author={G. {Gousios}},
  title={The GHTorrent dataset and tool suite},
  booktitle={Proceedings of the 10th Working Conference on Mining Software Repositories},
  pages={233--236},
  year={2013},
  publisher={IEEE},
  url={https://dl.acm.org/doi/10.5555/2487085.2487132},
}

@inproceedings{ghperils,
  author={E. {Kalliamvakou} and G. {Gousios} and K. {Blincoe} and L. {Singer} and D. {German} and D. {Damian}},
  title={The Promises and Perils of Mining GitHub},
  booktitle={Proceedings of the 11th Working Conference on Mining Software Repositories},
  pages={92--101},
  year={2014},
  publisher={ACM},
  doi={10.1145/2597073.2597074},
}

@book{istqb,
  author={D. {Graham} and E. {Van Veenendaal}},
  title={Foundations of software testing: {ISTQB} certification},
  edition={2},
  pages={57--73},
  year={2008},
  publisher={International Thomson Business Press},
  isbn={1844809897},
}

@techreport{ISO25010,
  author={{ISO/IEC 25010:2011}},
  title={Systems and software engineering --- Systems and software Quality Requirements and Evaluation ---
         System and software quality models},
  type={Standard},
  year={2011},
  institution={International Organization for Standardization},
}

@book{logisticreg,
  author={D. {Kleinbaum} and K. {Dietz} and M. {Gail} and M. {Klein}},
  title={Logistic regression},
  year={2002},
  publisher={Springer},
  doi={10.1007/978-1-4419-1742-3},
}

@article{dectrees,
  author={C. {Kingsford} and S. {Salzberg}},
  title={What are decision trees?},
  journal={Nature biotechnology},
  volume={26},
  number={9},
  pages={1011--1013},
  year={2008},
  publisher={Nature Publishing Group},
  doi={10.1038/nbt0908-1011},
}

@article{bagging,
  author={L. {Breiman}},
  title={Bagging predictors},
  journal={Machine learning},
  volume={24},
  number={2},
  pages={123--140},
  year={1996},
  publisher={Springer},
  doi={10.1007/BF00058655},
}

@article{randforest,
  author={L. {Breiman}},
  title={Random forests},
  journal={Machine learning},
  volume={45},
  number={1},
  pages={5--32},
  year={2001},
  publisher={Springer},
  doi={10.1023/A:1010933404324},
}

@article{extratrees,
  author={P. {Geurts} and D. {Ernst} and L. {Wehenkel}},
  title={Extremely randomized trees},
  journal={Machine learning},
  volume={63},
  number={1},
  pages={3--42},
  year={2006},
  publisher={Springer},
  doi={10.1007/s10994-006-6226-1},
}

@incollection{adaboost,
  author={R. {Schapire}},
  title={Explaining adaboost},
  booktitle={Empirical inference},
  pages={37--52},
  year={2013},
  publisher={Springer},
  doi={10.1007/978-3-642-41136-6_5},
}

@article{gradient,
  author={J. {Friedman}},
  title={Stochastic gradient boosting},
  journal={Computational Statistics & Data Analysis},
  volume={38},
  number={4},
  pages={367-378},
  year={2002},
  doi={10.1016/S0167-9473(01)00065-2},
}

@inproceedings{xgboost,
  author={T. {Chen} and C. {Guestrin}},
  booktitle={Proceedings of the 22nd International Conference on Knowledge Discovery and Data Mining},
  title={XGBoost: A Scalable Tree Boosting System},
  pages={785--794},
  year={2016},
  publisher={ACM},
  doi={10.1145/2939672.2939785},
}

@book{linreg,
  title={Applied linear regression},
  series={Wiley Series in Probability and Statistics},
  author={S. {Weisberg}},
  year={2005},
  publisher={Wiley},
  doi={10.1002/0471704091},
}

@article{elasticnet,
  title={Regularization and variable selection via the elastic net},
  author={H. {Zou} and T. {Hastie}},
  journal={Journal of the royal statistical society},
  volume={67},
  number={2},
  pages={301--320},
  year={2005},
  publisher={Wiley},
  doi={10.1111/j.1467-9868.2005.00503.x},
}
